<?xml version="1.0" encoding="UTF-8"?><collection xmlns="http://www.loc.gov/MARC21/slim"><record><leader>00394nam--2200121-i-4500</leader><controlfield tag="001">000047240</controlfield><controlfield tag="002">20161230</controlfield><controlfield tag="005">20161230201046</controlfield><controlfield tag="008">060222s1000------------r-----000-0-eng-d</controlfield><datafield ind1=" " ind2=" " tag="100"><subfield code="a">White,Sarah</subfield></datafield><datafield ind1=" " ind2=" " tag="245"><subfield code="a">Guide to science and technology in the ussr. a reference guide to science and technology in the soviet union</subfield></datafield><datafield ind1=" " ind2=" " tag="260"><subfield code="a">Guernsey, British Isles, Francis Hodgson, 1971. 300 P</subfield></datafield><datafield ind1=" " ind2=" " tag="852"><subfield code="a">35763</subfield></datafield></record></collection>